@online{Azure,
  title = {\enquote{Microsoft Azure}},
  url = {https://azure.microsoft.com/en-us/},
  urldate = {2016-06-21}
}

@online{Oxford,
  title = {\enquote{Microsoft Cognitive Services}},
  url = {https://www.microsoft.com/cognitive-services},
  urldate = {2016-06-21}
}

@online{UWP,
  title = {\enquote{Guide to Universal Windows Platform (UWP) apps}},
  url = {https://msdn.microsoft.com/en-us/windows/uwp/get-started/universal-application-platform-guide},
  urldate = {2016-06-21}
}

@online{asp.net,
  title = {\enquote{ASP.NET}},
  url = {http://www.asp.net/},
  urldate = {2016-06-21}
}

@online{VisualStudio,
  title = {\enquote{Visual Studio 2015}},
  url = {https://www.visualstudio.com/products/vs-2015-product-editions},
  urldate = {2016-06-21}
}

@online{Chrome,
  title = {\enquote{Google Chrome}},
  url = {https://www.google.com/chrome/browser/features.html},
  urldate = {2016-06-21}
}

@online{Git,
  title = {\enquote{Git}},
  url = {https://git-scm.com/},
  urldate = {2016-06-21}
}

@online{AI,
  title = {\enquote{Application Insights}},
  url = {https://azure.microsoft.com/en-us/services/application-insights/},
  urldate = {2016-06-23}
}

@online{Xerox,
  title = {\enquote{Xerox Nearshore Delivery Center}},
  url = {https://customers.microsoft.com/Pages/CustomerStory.aspx?recid=1029},
  urldate = {2016-06-23}
}

@online{StackOverflow,
  title = {\enquote{Stack Overflow: Stacked for Speed}},
  url = {https://customers.microsoft.com/Pages/CustomerStory.aspx?recid=14667},
  urldate = {2016-06-23}
}

